<record><leader>00000cas a2200000 a 4500</leader><controlfield tag="001">11531211</controlfield><controlfield tag="008">841228d18791925ksuwr ne      0   a0eng d</controlfield><controlfield tag="009">3789</controlfield><datafield ind1=" " ind2=" " tag="010"><subfield code="a">sn 84030387 </subfield></datafield><datafield ind1=" " ind2=" " tag="040"><subfield code="a">KSH</subfield><subfield code="b">eng</subfield><subfield code="c">KSH</subfield><subfield code="d">NPT</subfield><subfield code="d">DLC</subfield><subfield code="d">OCL</subfield></datafield><datafield ind1=" " ind2=" " tag="042"><subfield code="a">msc</subfield></datafield><datafield ind1="0" ind2=" " tag="130"><subfield code="a">Anthony republican (Anthony, Kan. : 1879)</subfield></datafield><datafield ind1="0" ind2="4" tag="245"><subfield code="a">The Anthony republican.</subfield></datafield><datafield ind1=" " ind2=" " tag="260"><subfield code="a">Anthony, Kan. :</subfield><subfield code="b">Maffet &amp; Metcalfe,</subfield><subfield code="c">1879-1925.</subfield></datafield><datafield ind1=" " ind2=" " tag="300"><subfield code="a">47 v. :</subfield><subfield code="b">ill. ;</subfield><subfield code="c">54-60 cm.</subfield></datafield><datafield ind1=" " ind2=" " tag="310"><subfield code="a">Weekly</subfield></datafield><datafield ind1="0" ind2=" " tag="362"><subfield code="a">Vol. 1, no. 1 (0ct. 9, 1879)-v. 47, no. 40 (Oct. 1, 1925).</subfield></datafield><datafield ind1=" " ind2=" " tag="500"><subfield code="a">Extra edition called "The Great Conspiracy" published Jan. 21, 1888; special "Illustrated edition" published June 29, 1888.</subfield></datafield><datafield ind1=" " ind2=" " tag="500"><subfield code="a">Publisher varies.</subfield></datafield><datafield ind1=" " ind2=" " tag="580"><subfield code="a">Issued also in a daily edition called: Daily republican (Anthony, Kan.).</subfield></datafield><datafield ind1=" " ind2=" " tag="752"><subfield code="a">United States</subfield><subfield code="b">Kansas</subfield><subfield code="c">Harper</subfield><subfield code="d">Anthony.</subfield></datafield><datafield ind1="1" ind2=" " tag="775"><subfield code="t">Daily republican (Anthony, Kan.)</subfield><subfield code="w">(DLC)sn 84030390</subfield></datafield><datafield ind1="0" ind2="7" tag="785"><subfield code="t">Anthony bulletin</subfield><subfield code="w">(DLC)sn 84030382</subfield></datafield><datafield ind1="0" ind2="7" tag="785"><subfield code="t">Anthony republican and the Anthony bulletin (Anthony, Kan. : 1925)</subfield><subfield code="w">(DLC)sn 84030424</subfield></datafield></record>